@IEEEtranBSTCTL{IEEEexample:BSTcontrol,
CTLuse_forced_etal       = "yes",
CTLmax_names_forced_etal = "3",
CTLnames_show_etal       = "2" }

@article{DBLP:journals/corr/BoukhelifaBBCFK16,
  author    = {Nadia Boukhelifa and
               Mike Bryant and
               Natasa Bulatovic and
               Ivan Cukic and
               Jean{-}Daniel Fekete and
               Milica Knezevic and
               J{\"{o}}rg Lehmann and
               David Stuart and
               Carsten Thiel},
  title     = {The {CENDARI} Infrastructure},
  journal   = {CoRR},
  volume    = {abs/1612.05239},
  year      = {2016},
  url       = {http://arxiv.org/abs/1612.05239},
  archivePrefix = {arXiv},
  eprint    = {1612.05239},
  timestamp = {Mon, 13 Aug 2018 16:47:28 +0200},
  biburl    = {https://dblp.org/rec/bib/journals/corr/BoukhelifaBBCFK16},
  bibsource = {dblp computer science bibliography, https://dblp.org}
}

@article{LAMASTRA201916,
title = "Unveiling the origin of the gamma-ray emission in NGC 1068 with the Cherenkov Telescope Array",
journal = "Astroparticle Physics",
volume = "112",
pages = "16 - 23",
year = "2019",
issn = "0927-6505",
doi = "https://doi.org/10.1016/j.astropartphys.2019.04.003",
url = "http://www.sciencedirect.com/science/article/pii/S0927650519300362",
author = "Alessandra Lamastra and Fabrizio Tavecchio and Patrizia Romano and Marco Landoni and Stefano Vercellone",
keywords = "Galaxies, Individual, NGC 1068, Galaxies, Seyfert, Gamma rays, Galaxies",
abstract = "Several observations are revealing the widespread occurrence of mildly relativistic wide-angle AGN winds strongly interacting with the gas of their host galaxy. Such winds are potential cosmic-ray accelerators, as supported by gamma-ray observations of the nearby Seyfert galaxy NGC 1068 with the Fermi gamma-ray space telescope. The non-thermal emission produced by relativistic particles accelerated by the AGN-driven wind observed in the circum-nuclear molecular disk of such galaxy is invoked to produce the gamma-ray spectrum. The AGN wind model predicts a hard spectrum that extend in the very high energy band which differs significantly from those corresponding to other models discussed in the literature, like starburst or AGN jet. We present dedicated simulations of observations through the Cherenkov Telescope Array (CTA), the next-generation ground based gamma-ray observatory, of the very high energy spectrum of the Seyfert galaxy NGC 1068 assuming the AGN wind and the AGN jet models. We demonstrate that, considering 50 hours of observations, CTA can be effectively used to constrain the two different emission models, providing important insight into the physics governing the acceleration of particles in non-relativistic AGN-driven outflows. This analysis strongly motivates observations of Seyfert and starburst galaxies with CTA in order to test source population models of the extragalactic gamma-ray and neutrino backgrounds."
}

@webpage{CTA_technology,
	title  = {The technology behind the next generation very-high energy gamma-ray detector},
	url = {https://www.cta-observatory.org/project/technology/},
	note = {Accessed: 2019-06-16}
}

@webpage{CTA_cta_consortium,
	title  = {The global group of institutes and scientists contributing to {CTA}},
	url = {https://www.cta-observatory.org/about/cta-consortium/},
	note = {Accessed: 2019-06-16}
}

@webpage{CTA_status,
	title  = {Current progress toward construction and the first telescopes on site},
	url = {https://www.cta-observatory.org/project/status/},
	note = {Accessed: 2019-06-16}
}

@webpage{CTA_about,
	title  = {A multinational initiative founded on its exceptional scientific potential},
	url = {https://www.cta-observatory.org/about/},
	note = {Accessed: 2019-06-16}
}

@webpage{DARIAH_about,
    title = {DARIAH in a Nutshell},
    url = {https://www.dariah.eu/about/dariah-in-nutshell/},
	note = {Accessed: 2019-06-16}
}

@webpage{DARIAH_partners,
    title = {Members and Cooperating Partners},
    url = {https://www.dariah.eu/network/partners-countries/},
	note = {Accessed: 2019-06-16}
}

@webpage{CTA_data,
    title = {Data processing, archiving and access},
    url = {https://www.cta-observatory.org/project/technology/data/},
	note = {Accessed: 2019-06-16}
}

@webpage{EGI_research-stories_cta,
    title = {{CTA}: the world’s leading gamma-ray observatory},
    url = {https://www.egi.eu/use-cases/research-stories/cta/},
	note = {Accessed: 2019-06-16}
}

@webpage{EGI_research-infrastructures_cta,
    title = {{CTA}: Cherenkov Telescope Array},
    url = {https://www.egi.eu/use-cases/research-infrastructures/cta/},
	note = {Accessed: 2019-06-16}
}

@webpage{EGI_dariah_eric,
    title = {DARIAH ERIC: A network to enhance and support digitally enabled research and teaching across the Arts and Humanities},
    url = {https://www.dariah.eu/about/dariah-in-nu},
	note = {Accessed: 2019-06-16}
}

@webpage{EGI_dariah_Working_Groups,
    title = {Working Groups},
    url = {https://www.dariah.eu/activities/working-groups-list/},
	note = {Accessed: 2019-06-16}
}

@article{1709.07997,
Author = {The Cherenkov Telescope Array Consortium and  : and B. S. Acharya and I. Agudo and I. Al Samarai and R. Alfaro and J. Alfaro and C. Alispach and R. Alves Batista and J. -P. Amans and E. Amato and G. Ambrosi and E. Antolini and L. A. Antonelli and C. Aramo and M. Araya and T. Armstrong and F. Arqueros and L. Arrabito and K. Asano and M. Ashley and M. Backes and C. Balazs and M. Balbo and O. Ballester and J. Ballet and A. Bamba and M. Barkov and U. Barres de Almeida and J. A. Barrio and D. Bastieri and Y. Becherini and A. Belfiore and W. Benbow and D. Berge and E. Bernardini and M. G. Bernardini and M. Bernardos and K. Bernlöhr and B. Bertucci and B. Biasuzzi and C. Bigongiari and A. Biland and E. Bissaldi and J. Biteau and O. Blanch and J. Blazek and C. Boisson and J. Bolmont and G. Bonanno and A. Bonardi and C. Bonavolontà and G. Bonnoli and Z. Bosnjak and M. Böttcher and C. Braiding and J. Bregeon and A. Brill and A. M. Brown and P. Brun and G. Brunetti and T. Buanes and J. Buckley and V. Bugaev and R. Bühler and A. Bulgarelli and T. Bulik and M. Burton and A. Burtovoi and G. Busetto and R. Canestrari and M. Capalbi and F. Capitanio and A. Caproni and P. Caraveo and V. Cárdenas and C. Carlile and R. Carosi and E. Carquín and J. Carr and S. Casanova and E. Cascone and F. Catalani and O. Catalano and D. Cauz and M. Cerruti and P. Chadwick and S. Chaty and R. C. G. Chaves and A. Chen and X. Chen and M. Chernyakova and M. Chikawa and A. Christov and J. Chudoba and M. Cieślar and V. Coco and S. Colafrancesco and P. Colin and V. Conforti and V. Connaughton and J. Conrad and J. L. Contreras and J. Cortina and A. Costa and H. Costantini and G. Cotter and S. Covino and R. Crocker and J. Cuadra and O. Cuevas and P. Cumani and A. D'Aì and F. D'Ammando and P. D'Avanzo and D. D'Urso and M. Daniel and I. Davids and B. Dawson and F. Dazzi and A. De Angelis and R. de Cássia dos Anjos and G. De Cesare and A. De Franco and E. M. de Gouveia Dal Pino and I. de la Calle and R. de los Reyes Lopez and B. De Lotto and A. De Luca and M. De Lucia and M. de Naurois and E. de Oña Wilhelmi and F. De Palma and F. De Persio and V. de Souza and C. Deil and M. Del Santo and C. Delgado and D. della Volpe and T. Di Girolamo and F. Di Pierro and L. Di Venere and C. Díaz and C. Dib and S. Diebold and A. Djannati-Ataï and A. Domínguez and D. Dominis Prester and D. Dorner and M. Doro and H. Drass and D. Dravins and G. Dubus and V. V. Dwarkadas and J. Ebr and C. Eckner and K. Egberts and S. Einecke and T. R. N. Ekoume and D. Elsässer and J. -P. Ernenwein and C. Espinoza and C. Evoli and M. Fairbairn and D. Falceta-Goncalves and A. Falcone and C. Farnier and G. Fasola and E. Fedorova and S. Fegan and M. Fernandez-Alonso and A. Fernández-Barral and G. Ferrand and M. Fesquet and M. Filipovic and V. Fioretti and G. Fontaine and M. Fornasa and L. Fortson and L. Freixas Coromina and C. Fruck and Y. Fujita and Y. Fukazawa and S. Funk and M. Füßling and S. Gabici and A. Gadola and Y. Gallant and B. Garcia and R. Garcia López and M. Garczarczyk and J. Gaskins and T. Gasparetto and M. Gaug and L. Gerard and G. Giavitto and N. Giglietto and P. Giommi and F. Giordano and E. Giro and M. Giroletti and A. Giuliani and J. -F. Glicenstein and R. Gnatyk and N. Godinovic and P. Goldoni and G. Gómez-Vargas and M. M. González and J. M. González and D. Götz and J. Graham and P. Grandi and J. Granot and A. J. Green and T. Greenshaw and S. Griffiths and S. Gunji and D. Hadasch and S. Hara and M. J. Hardcastle and T. Hassan and K. Hayashi and M. Hayashida and M. Heller and J. C. Helo and G. Hermann and J. Hinton and B. Hnatyk and W. Hofmann and J. Holder and D. Horan and J. Hörandel and D. Horns and P. Horvath and T. Hovatta and M. Hrabovsky and D. Hrupec and T. B. Humensky and M. Hütten and M. Iarlori and T. Inada and Y. Inome and S. Inoue and T. Inoue and Y. Inoue and F. Iocco and K. Ioka and M. Iori and K. Ishio and Y. Iwamura and M. Jamrozy and P. Janecek and D. Jankowsky and P. Jean and I. Jung-Richardt and J. Jurysek and P. Kaaret and S. Karkar and H. Katagiri and U. Katz and N. Kawanaka and D. Kazanas and B. Khélifi and D. B. Kieda and S. Kimeswenger and S. Kimura and S. Kisaka and J. Knapp and J. Knödlseder and B. Koch and K. Kohri and N. Komin and K. Kosack and M. Kraus and M. Krause and F. Krauß and H. Kubo and G. Kukec Mezek and H. Kuroda and J. Kushida and N. La Palombara and G. Lamanna and R. G. Lang and J. Lapington and O. Le Blanc and S. Leach and J. -P. Lees and J. Lefaucheur and M. A. Leigui de Oliveira and J. -P. Lenain and R. Lico and M. Limon and E. Lindfors and T. Lohse and S. Lombardi and F. Longo and M. López and R. López-Coto and C. -C. Lu and F. Lucarelli and P. L. Luque-Escamilla and E. Lyard and M. C. Maccarone and G. Maier and P. Majumdar and G. Malaguti and D. Mandat and G. Maneva and M. Manganaro and S. Mangano and A. Marcowith and J. Marín and S. Markoff and J. Martí and P. Martin and M. Martínez and G. Martínez and N. Masetti and S. Masuda and G. Maurin and N. Maxted and D. Mazin and C. Medina and A. Melandri and S. Mereghetti and M. Meyer and I. A. Minaya and N. Mirabal and R. Mirzoyan and A. Mitchell and T. Mizuno and R. Moderski and M. Mohammed and L. Mohrmann and T. Montaruli and A. Moralejo and D. Morcuende-Parrilla and K. Mori and G. Morlino and P. Morris and A. Morselli and E. Moulin and R. Mukherjee and C. Mundell and T. Murach and H. Muraishi and K. Murase and A. Nagai and S. Nagataki and T. Nagayoshi and T. Naito and T. Nakamori and Y. Nakamura and J. Niemiec and D. Nieto and M. Nikołajuk and K. Nishijima and K. Noda and D. Nosek and B. Novosyadlyj and S. Nozaki and P. O'Brien and L. Oakes and Y. Ohira and M. Ohishi and S. Ohm and N. Okazaki and A. Okumura and R. A. Ong and M. Orienti and R. Orito and J. P. Osborne and M. Ostrowski and N. Otte and I. Oya and M. Padovani and A. Paizis and M. Palatiello and M. Palatka and R. Paoletti and J. M. Paredes and G. Pareschi and R. D. Parsons and A. Pe'er and M. Pech and G. Pedaletti and M. Perri and M. Persic and A. Petrashyk and P. Petrucci and O. Petruk and B. Peyaud and M. Pfeifer and G. Piano and A. Pisarski and S. Pita and M. Pohl and M. Polo and D. Pozo and E. Prandini and J. Prast and G. Principe and D. Prokhorov and H. Prokoph and M. Prouza and G. Pühlhofer and M. Punch and S. Pürckhauer and F. Queiroz and A. Quirrenbach and S. Rainò and S. Razzaque and O. Reimer and A. Reimer and A. Reisenegger and M. Renaud and A. H. Rezaeian and W. Rhode and D. Ribeiro and M. Ribó and T. Richtler and J. Rico and F. Rieger and M. Riquelme and S. Rivoire and V. Rizi and J. Rodriguez and G. Rodriguez Fernandez and J. J. Rodríguez Vázquez and G. Rojas and P. Romano and G. Romeo and J. Rosado and A. C. Rovero and G. Rowell and B. Rudak and A. Rugliancich and C. Rulten and I. Sadeh and S. Safi-Harb and T. Saito and N. Sakaki and S. Sakurai and G. Salina and M. Sánchez-Conde and H. Sandaker and A. Sandoval and P. Sangiorgi and M. Sanguillon and H. Sano and M. Santander and S. Sarkar and K. Satalecka and F. G. Saturni and E. J. Schioppa and S. Schlenstedt and M. Schneider and H. Schoorlemmer and P. Schovanek and A. Schulz and F. Schussler and U. Schwanke and E. Sciacca and S. Scuderi and I. Seitenzahl and D. Semikoz and O. Sergijenko and M. Servillat and A. Shalchi and R. C. Shellard and L. Sidoli and H. Siejkowski and A. Sillanpää and G. Sironi and J. Sitarek and V. Sliusar and A. Slowikowska and H. Sol and A. Stamerra and S. Stanič and R. Starling and Ł. Stawarz and S. Stefanik and M. Stephan and T. Stolarczyk and G. Stratta and U. Straumann and T. Suomijarvi and A. D. Supanitsky and G. Tagliaferri and H. Tajima and M. Tavani and F. Tavecchio and J. -P. Tavernet and K. Tayabaly and L. A. Tejedor and P. Temnikov and Y. Terada and R. Terrier and T. Terzic and M. Teshima and V. Testa and S. Thoudam and W. Tian and L. Tibaldo and M. Tluczykont and C. J. Todero Peixoto and F. Tokanai and J. Tomastik and D. Tonev and M. Tornikoski and D. F. Torres and E. Torresi and G. Tosti and N. Tothill and G. Tovmassian and P. Travnicek and C. Trichard and M. Trifoglio and I. Troyano Pujadas and S. Tsujimoto and G. Umana and V. Vagelli and F. Vagnetti and M. Valentino and P. Vallania and L. Valore and C. van Eldik and J. Vandenbroucke and G. S. Varner and G. Vasileiadis and V. Vassiliev and M. Vázquez Acosta and M. Vecchi and A. Vega and S. Vercellone and P. Veres and S. Vergani and V. Verzi and G. P. Vettolani and A. Viana and C. Vigorito and J. Villanueva and H. Voelk and A. Vollhardt and S. Vorobiov and M. Vrastil and T. Vuillaume and S. J. Wagner and R. Wagner and R. Walter and J. E. Ward and D. Warren and J. J. Watson and F. Werner and M. White and R. White and A. Wierzcholska and P. Wilcox and M. Will and D. A. Williams and R. Wischnewski and M. Wood and T. Yamamoto and R. Yamazaki and S. Yanagita and L. Yang and T. Yoshida and S. Yoshiike and T. Yoshikoshi and M. Zacharias and G. Zaharijas and L. Zampieri and F. Zandanel and R. Zanin and M. Zavrtanik and D. Zavrtanik and A. A. Zdziarski and A. Zech and H. Zechlin and V. I. Zhdanov and A. Ziegler and J. Zorn},
Title = {Science with the Cherenkov Telescope Array},
Year = {2017},
Eprint = {arXiv:1709.07997},
Doi = {10.1142/10986},
}

@article{riondet:hal-02124679,
  TITLE = {{The Standardization Survival Kit: for a Wider Use of Metadata Standards within Arts and Humanities}},
  AUTHOR = {Riondet, Charles and Romary, Laurent},
  URL = {https://hal.archives-ouvertes.fr/hal-02124679},
  JOURNAL = {{ABB: Archives et Biblioth{\`e}ques de Belgique - Archief- en Bibliotheekwezen in Belgi{\"e}}},
  PUBLISHER = {{Brussel : Archief- en bibliotheekwezen in Belgi{\"e}, n.d.}},
  SERIES = {Trust and Understanding: the value of metadata in a digitally joined-up world, ed. by R. Depoortere, T. Gheldof, D. Styven and J. Van Der Eycken},
  VOLUME = {106},
  PAGES = {55-62},
  YEAR = {2018},
  MONTH = Jun,
  KEYWORDS = {Archival systems ; Metadata ; Digital Humanities ; Standardization},
  PDF = {https://hal.archives-ouvertes.fr/hal-02124679/file/RIONDET_ROMARY_20190425_Trust_and_Understanding_vpub_57_64.pdf},
  HAL_ID = {hal-02124679},
  HAL_VERSION = {v1},
}

@article{Ambrogi:2018skq,
      author         = "Ambrogi, Lucia and Celli, Silvia and Aharonian, Felix",
      title          = "{On the potential of Cherenkov Telescope Arrays and KM3
                        Neutrino Telescopes for the detection of extended
                        sources}",
      journal        = "Astropart. Phys.",
      volume         = "100",
      year           = "2018",
      pages          = "69-79",
      doi            = "10.1016/j.astropartphys.2018.03.001",
      eprint         = "1803.03565",
      archivePrefix  = "arXiv",
      primaryClass   = "astro-ph.HE",
      SLACcitation   = "%%CITATION = ARXIV:1803.03565;%%"
}
@article{H_tten_2016,
	doi = {10.1088/1475-7516/2016/09/047},
	url = {https://doi.org/10.1088%2F1475-7516%2F2016%2F09%2F047},
	year = 2016,
	month = {sep},
	publisher = {{IOP} Publishing},
	volume = {2016},
	number = {09},
	pages = {047--047},
	author = {M. Hütten and C. Combet and G. Maier and D. Maurin},
	title = {Dark matter substructure modelling and sensitivity of the Cherenkov Telescope Array to Galactic dark halos},
	journal = {Journal of Cosmology and Astroparticle Physics},
	abstract = {Hierarchical structure formation leads to a clumpy distribution of dark matter in the Milky Way. These clumps are possible targets to search for dark matter annihilation with present and future γ-ray instruments. Many uncertainties exist on the clump distribution, leading to disputed conclusions about the expected number of detectable clumps and the ensuing limits that can be obtained from non-detection. In this paper, we use the CLUMPY code to simulate thousands of skymaps for several clump distributions. This allows us to statistically assess the typical properties (mass, distance, angular size, luminosity) of the detectable clumps. Varying parameters of the clump distributions allows us to identify the key quantities to which the number of detectable clumps is the most sensitive. Focusing our analysis on two extreme clump configurations, yet consistent with results from numerical simulations, we revisit and compare various calculations made for the Fermi-LAT instrument, in terms of number of dark clumps expected and the angular power spectrum for the Galactic signal.  We then focus on the prospects of detecting dark clumps with the future CTA instrument, for which we make a detailed sensitivity analysis using open-source CTA software. Based on a realistic scenario for the foreseen CTA extragalactic survey, and accounting for a post-trial sensitivity in the survey, we show that we obtain competitive and complementary limits to those based on long observation of a single bright dwarf spheroidal galaxy.}
}